@misc{pyhop,
  author = 	 {Dana Nau},
  title = 	 {Pyhop, A simple HTN planning system written in Python},
  howpublished = {\url{https://bitbucket.org/dananau/pyhop}},
  year = 	 {2013},
}
@inbook{serpe-draft,
  author =  	{Malik Ghallab, Dana S. Nau, Paolo Traverso},
  title =   	{Automated Planning and Acting - DRAFT 2015-04-24},
  publisher = 	{Unpublished Draft},
  chapter = 	{3.4.1 Sequential Refinement Planning},
  year =    	2015,
  month =   	apr,
}