@incollection{koller2010first,
  title={The first challenge on generating instructions in virtual environments},
  author={Koller, Alexander and Striegnitz, Kristina and Byron, Donna and Cassell, Justine and Dale, Robert and Moore, Johanna and Oberlander, Jon},
  booktitle={Empirical Methods in Natural Language Generation},
  pages={328--352},
  year={2010},
  publisher={Springer}
}
@inproceedings{striegnitz2011report,
  title={Report on the second second challenge on generating instructions in virtual environments (GIVE-2.5)},
  author={Striegnitz, Kristina and Denis, Alexandre and Gargett, Andrew and Garoufi, Konstantina and Koller, Alexander and Theune, Mari{\"e}t},
  booktitle={Proceedings of the 13th European Workshop on Natural Language Generation},
  pages={270--279},
  year={2011},
  organization={Association for Computational Linguistics}
}
@inproceedings{koller2010report,
  title={Report on the second NLG challenge on generating instructions in virtual environments (GIVE-2)},
  author={Koller, Alexander and Striegnitz, Kristina and Gargett, Andrew and Byron, Donna and Cassell, Justine and Dale, Robert and Moore, Johanna and Oberlander, Jon},
  booktitle={Proceedings of the 6th international natural language generation conference},
  pages={243--250},
  year={2010},
  organization={Association for Computational Linguistics}
}
@inproceedings{garoufi2011potsdam,
  title={The Potsdam NLG systems at the GIVE-2.5 Challenge},
  author={Garoufi, Konstantina and Koller, Alexander},
  booktitle={Proceedings of the 13th European Workshop on Natural Language Generation},
  pages={307--311},
  year={2011},
  organization={Association for Computational Linguistics}
}
@inproceedings{garoufi2011combining,
  title={Combining symbolic and corpus-based approaches for the generation of successful referring expressions},
  author={Garoufi, Konstantina and Koller, Alexander},
  booktitle={Proceedings of the 13th European Workshop on Natural Language Generation},
  pages={121--131},
  year={2011},
  organization={Association for Computational Linguistics}
}
@article{garoufi2014generation,
  title={Generation of effective referring expressions in situated context},
  author={Garoufi, Konstantina and Koller, Alexander},
  journal={Language, Cognition and Neuroscience},
  volume={29},
  number={8},
  pages={986--1001},
  year={2014},
  publisher={Taylor \& Francis}
}
@InProceedings{crisp07,
	author = {Alexander Koller and Matthew Stone*},
	title = {Sentence generation as planning},
	year = 2007,
	booktitle = {Proceedings of the 45th Annual Meeting of the
		Association of Computational Linguistics (ACL)},
	address = {Prague},
	pages = {336--343}
}
@InProceedings{scrisp-10,
	author = {Konstantina Garoufi and Alexander Koller*},
	title = {Automated planning for situated natural language generation},
	year = {2010},
	address = {Uppsala},
	booktitle = {Proceedings of the 48th Annual Meeting of the Association for Computational Linguistics (ACL)}
}

